@article{yousef2022cyber,
  title={Cyber-Attack Detection and Mitigation Using SVM for 5G Network.},
  author={Yousef Alshunaifi, Sulaiman and Mishra, Shailendra and Alshehri, Mohammed},
  journal={Intelligent Automation \& Soft Computing},
  volume={31},
  number={1},
  year={2022}
}
@article{yousef2022cyber,
  title={Cyber-Attack Detection and Mitigation Using SVM for 5G Network.},
  author={Yousef Alshunaifi, Sulaiman and Mishra, Shailendra and Alshehri, Mohammed},
  journal={Intelligent Automation \& Soft Computing},
  volume={31},
  number={1},
  year={2022}
}
@article{saha2022machine,
  title={Machine learning assisted security analysis of 5g-network-connected systems},
  author={Saha, Tanujay and Aaraj, Najwa and Jha, Niraj K},
  journal={IEEE Transactions on Emerging Topics in Computing},
  volume={10},
  number={4},
  pages={2006--2024},
  year={2022},
  publisher={IEEE}
}
@article{scalise2024systematic,
  title={A Systematic Survey on 5G and 6G Security Considerations, Challenges, Trends, and Research Areas},
  author={Scalise, Paul and Boeding, Matthew and Hempel, Michael and Sharif, Hamid and Delloiacovo, Joseph and Reed, John},
  journal={Future Internet},
  volume={16},
  number={3},
  pages={67},
  year={2024},
  publisher={MDPI}
}
@article{nikula2024machine,
  title={Machine learning-based anomaly detection and root cause analysis in mobile networks},
  author={Nikula, Miro-Markus},
  year={2024},
  journal={Master Thesis},
}
@inproceedings{sakib2024slow,
  title={From slow propagation to partition: Analyzing bitcoin over anonymous routing},
  author={Sakib, Nazmus and Wuthier, Simeon and Zhang, Kelei and Zhou, Xiaobo and Chang, Sang-Yoon},
  booktitle={2024 IEEE International Conference on Blockchain and Cryptocurrency (ICBC)},
  pages={377--385},
  year={2024},
  organization={IEEE}
}
@article{liwen2024towards,
  title={Towards Efficient 6G IoT Networks: A Perspective on Resource Optimization Strategies, Challenges, and Future Directions},
  author={Liwen, Zhang and Qamar, Faizan and Liaqat, Mahrukh and Hindia, Mhd Nour and Ariffin, Khairul Akram Zainol},
  journal={IEEE Access},
  year={2024},
  publisher={IEEE}
}
@article{khazane2024holistic,
  title={A holistic review of machine learning adversarial attacks in IoT networks},
  author={Khazane, Hassan and Ridouani, Mohammed and Salahdine, Fatima and Kaabouch, Naima},
  journal={Future Internet},
  volume={16},
  number={1},
  pages={32},
  year={2024},
  publisher={MDPI}
}

@article{paper1,
  title={Cybersecurity data science: an overview from machine learning perspective},
  author={Sarker, Iqbal H and Kayes, ASM and Badsha, Shahriar and Alqahtani, Hamed and Watters, Paul and Ng, Alex},
  journal={Journal of Big data},
  volume={7},
  pages={1--29},
  year={2020},
  publisher={Springer},
  keywords={rest20}
}

@article{paper2,
  title={Artificial intelligence for cybersecurity: Literature review and future research directions},
  author={Kaur, Ramanpreet and Gabrijel{\v{c}}i{\v{c}}, Du{\v{s}}an and Klobu{\v{c}}ar, Toma{\v{z}}},
  journal={Information Fusion},
  volume={97},
  pages={101804},
  year={2023},
  publisher={Elsevier},
  keywords={rest20}
}

@article{paper3,
  title={The role of national cybersecurity strategies on the improvement of cybersecurity education},
  author={AlDaajeh, Saleh and Saleous, Heba and Alrabaee, Saed and Barka, Ezedin and Breitinger, Frank and Choo, Kim-Kwang Raymond},
  journal={Computers \& Security},
  volume={119},
  pages={102754},
  year={2022},
  publisher={Elsevier},
  keywords={rest20}
}

@article{paper4,
  title={A systematic review of multi perspectives on human cybersecurity behavior},
  author={Alsharida, Rawan A and Al-rimy, Bander Ali Saleh and Al-Emran, Mostafa and Zainal, Anazida},
  journal={Technology in society},
  volume={73},
  pages={102258},
  year={2023},
  publisher={Elsevier},
  keywords={rest20}
}

@article{paper5,
  title={Chatgpt: Exploring the role of cybersecurity in the protection of medical information},
  author={Mijwil, Maad and Aljanabi, Mohammad and Ali, Ahmed Hussein},
  journal={Mesopotamian journal of cybersecurity},
  volume={2023},
  pages={18--21},
  year={2023},
  keywords={rest20}
}

@article{paper6,
  title={Machine learning in cybersecurity: a comprehensive survey},
  author={Dasgupta, Dipankar and Akhtar, Zahid and Sen, Sajib},
  journal={The Journal of Defense Modeling and Simulation},
  volume={19},
  number={1},
  pages={57--106},
  year={2022},
  publisher={SAGE Publications Sage UK: London, England},
  keywords={rest20}
}

@article{paper7,
  author = {Xu, Z. and Li, Q.},
  title = {Anomaly Detection Using Deep Learning in 5G Core Networks},
  journal = {IEEE Transactions on Network and Service Management},
  year = {2022},
  volume = {19},
  number = {3},
  pages = {1342-1353},
  doi = {10.1109/TNSM.2022.3176378},
  keywords={rest20}
}

@article{paper8,
  title={Exploring the top five evolving threats in cybersecurity: an in-depth overview},
  author={Mijwil, Maad and Unogwu, Omega John and Filali, Youssef and Bala, Indu and Al-Shahwani, Humam},
  journal={Mesopotamian journal of cybersecurity},
  volume={2023},
  pages={57--63},
  year={2023},
  keywords={rest20}
}

@article{paper9,
  title={From chatgpt to threatgpt: Impact of generative ai in cybersecurity and privacy},
  author={Gupta, Maanak and Akiri, CharanKumar and Aryal, Kshitiz and Parker, Eli and Praharaj, Lopamudra},
  journal={IEEE Access},
  year={2023},
  publisher={IEEE},
  keywords={rest20}
}

@article{paper10,
  title={Counterattacking cyber threats: A framework for the future of cybersecurity},
  author={Safitra, Muhammad Fakhrul and Lubis, Muharman and Fakhrurroja, Hanif},
  journal={Sustainability},
  volume={15},
  number={18},
  pages={13369},
  year={2023},
  publisher={MDPI},
  keywords={rest20}
}

@article{paper11,
  title={Industry 4.0 data security: A cybersecurity frameworks review},
  author={Toussaint, Marion and Krima, Sylv{\`e}re and Panetto, Herv{\'e}},
  journal={Journal of Industrial Information Integration},
  pages={100604},
  year={2024},
  publisher={Elsevier},
  keywords={rest20}
}

@article{paper12,
  title={Emerging Trends in Cybersecurity: A Holistic View on Current Threats, Assessing Solutions, and Pioneering New Frontiers},
  author={Zaid, Taskeen and Garai, Suman},
  journal={Blockchain in Healthcare Today},
  volume={7},
  year={2024},
  publisher={Partners in Digital Health, LLC},
  keywords={rest20}
}

@article{paper13,
  title={Social Response and Management of Cybersecurity Incidents},
  author={Chen, Qiang and Wang, Lun},
  journal={Academic Journal of Sociology and Management},
  volume={2},
  number={4},
  pages={49--56},
  year={2024},
  keywords={rest20}
}

@article{paper14,
  title={Cybersecurity Solutions and Techniques for Internet of Things Integration in Combat Systems},
  author={Pasdar, Amirmohammad and Koroniotis, Nickolaos and Keshk, Marwa and Moustafa, Nour and Tari, Zahir},
  journal={IEEE Transactions on Sustainable Computing},
  year={2024},
  publisher={IEEE},
  keywords={rest20}
}

@article{paper15,
  title={Cybersecurity challenges in the age of AI: theoretical approaches and practical solutions},
  author={Familoni, Babajide Tolulope},
  journal={Computer Science \& IT Research Journal},
  volume={5},
  number={3},
  pages={703--724},
  year={2024},
  keywords={rest20}
}

@article{paper16,
  title={The Role of AI in Cybersecurity: Addressing Threats in the Digital Age},
  author={Camacho, Nicolas Guzman},
  journal={Journal of Artificial Intelligence General science (JAIGS) ISSN: 3006-4023},
  volume={3},
  number={1},
  pages={143--154},
  year={2024},
  keywords={rest20}
}

@article{paper17,
  title={Synthesizing AI'S impact on cybersecurity in telecommunications: a conceptual framework},
  author={Shoetan, Philip Olaseni and Amoo, Olukunle Oladipupo and Okafor, Enyinaya Stefano and Olorunfemi, Oluwabukunmi Latifat},
  journal={Computer Science \& IT Research Journal},
  volume={5},
  number={3},
  pages={594--605},
  year={2024},
  keywords={rest20}
}

@article{paper18,
  title={A review of cybersecurity strategies in modern organizations: examining the evolution and effectiveness of cybersecurity measures for data protection},
  author={Abrahams, Temitayo Oluwaseun and Ewuga, Sarah Kuzankah and Dawodu, Samuel Onimisi and Adegbite, Abimbola Oluwatoyin and Hassan, Azeez Olanipekun},
  journal={Computer Science \& IT Research Journal},
  volume={5},
  number={1},
  pages={1--25},
  year={2024},
  keywords={rest20}
}


@article{paper19,
  title={Cybersecurity awareness and education programs: a review of employee engagement and accountability},
  author={Abrahams, Temitayo Oluwaseun and Farayola, Oluwatoyin Ajoke and Kaggwa, Simon and Uwaoma, Prisca Ugomma and Hassan, Azeez Olanipekun and Dawodu, Samuel Onimisi},
  journal={Computer Science \& IT Research Journal},
  volume={5},
  number={1},
  pages={100--119},
  year={2024},
  keywords={rest20}
}

@article{paper20,
  title={A systematic review of cybersecurity assessment methods for HTTPS},
  author={Zineddine, Abdelhadi and Chakir, Oumaima and Sadqi, Yassine and Maleh, Yassine and Gaba, Gurjot Singh and Gurtov, Andrei and Dev, Kapal},
  journal={Computers and Electrical Engineering},
  volume={115},
  pages={109137},
  year={2024},
  publisher={Elsevier},
  keywords={rest20}
}

@article{paper21,
  title={Gait Attribute Recognition: A New Benchmark for Learning Richer Attributes from Human Gait Patterns},
  author={Song, Xu and Hou, Saihui and Huang, Yan and Cao, Chunshui and Liu, Xu and Huang, Yongzhen and Shan, Caifeng},
  journal={IEEE Transactions on Information Forensics and Security},
  year={2023},
  publisher={IEEE},
  keywords={45},
  note      = {Browsed for 1 min 50 sec. Decision: Scan. Paper introduced a new benchmark for recognizing detailed attributes from human gait patterns, enhancing the ability to extract and learn richer information from gait data.}
}
@article{paper22,
  title={Steganography embedding cost learning with generative multi-adversarial network},
  author={Huang, Dongxia and Luo, Weiqi and Liu, Minglin and Tang, Weixuan and Huang, Jiwu},
  journal={IEEE Transactions on Information Forensics and Security},
  year={2023},
  publisher={IEEE},
  keywords={45},
  note      = {Browsed for 1 min 30 sec. Decision: Trash. Paper presented a novel approach to steganography by employing a generative multi-adversarial network to optimize embedding cost learning, improving the security of hidden information.}
}
@article{paper23,
  title={Wf-transformer: Learning temporal features for accurate anonymous traffic identification by using transformer networks},
  author={Zhou, Qiang and Wang, Liangmin and Zhu, Huijuan and Lu, Tong and Sheng, Victor S},
  journal={IEEE Transactions on Information Forensics and Security},
  year={2023},
  publisher={IEEE},
  keywords={45},
  note      = {Browsed for 1 min 30 sec. Decision: Trash. Paper proposed a transformer-based model to effectively capture temporal features for accurately identifying anonymous web traffic.}
}
@article{paper24,
  title={BG: A Modular Treatment of BFT Consensus Towards a Unified Theory of BFT Replication},
  author={Sui, Xiao and Duan, Sisi and Zhang, Haibin},
  journal={IEEE Transactions on Information Forensics and Security},
  year={2023},
  publisher={IEEE},
  keywords={45},
  note      = {Browsed for 1 min 30 sec. Decision: Trash. Paper introduced a modular approach to Byzantine Fault Tolerant (BFT) consensus, aiming to establish a unified theoretical framework for BFT replication in distributed systems.}
}

@article{paper25,
  title={A Causality-Aligned Structure Rationalization Scheme Against Adversarial Biased Perturbations for Graph Neural Networks},
  author={Jia, Ju and Ma, Siqi and Liu, Yang and Wang, Lina and Deng, Robert H},
  journal={IEEE Transactions on Information Forensics and Security},
  year={2023},
  publisher={IEEE},
  keywords={45},
  note      = {Browsed for 1 min 50 sec. Decision: Trash. Paper presents a novel framework designed to protect Graph Neural Networks from adversarial attacks by aligning structure rationalization with causality to mitigate biased perturbations.}
}
@article{paper26,
  title={Differentially private federated learning with an adaptive noise mechanism},
  author={Xue, Rui and Xue, Kaiping and Zhu, Bin and Luo, Xinyi and Zhang, Tianwei and Sun, Qibin and Lu, Jun},
  journal={IEEE Transactions on Information Forensics and Security},
  year={2023},
  publisher={IEEE},
  keywords={45},
  note      = {Browsed for 1 min 45 sec. Decision: Trash. Paper discussed a federated learning framework that enhances privacy by incorporating an adaptive noise mechanism, ensuring differential privacy while maintaining model performance.}
}
@article{paper27,
  author    = {Qian Ren and Yue Li and Yingjun Wu and Yuchen Wu and Hong Lei and Lei Wang and Bangdao Chen},
  title     = {DeCloak: Enable Secure and Cheap Multi-Party Transactions on Legacy Blockchains by a Minimally Trusted TEE Network},
  journal   = {{IEEE} Transactions on Information Forensics and Security},
  year      = {2024},
  pages     = {88--103},
  keywords={45},
  note      = {Browsed for 1 min 40 sec. Decision: Trash.Paper  proposes a solution leveraging a Trusted Execution Environment (TEE) network to enable secure, efficient, and cost-effective multi-party transactions on legacy blockchain systems.}
}

@article{paper28,
  title={Ntd: Non-transferability enabled deep learning backdoor detection},
  author={Li, Yinshan and Ma, Hua and Zhang, Zhi and Gao, Yansong and Abuadbba, Alsharif and Xue, Minhui and Fu, Anmin and Zheng, Yifeng and Al-Sarawi, Said F and Abbott, Derek},
  journal={IEEE Transactions on Information Forensics and Security},
  year={2023},
  publisher={IEEE},
  keywords={45},
  note      = {Browsed for 1 min 30 sec. Decision: Scan. Paper introduces "Ntd," a novel deep learning approach for detecting backdoors in neural networks by leveraging non-transferability to enhance security.}
}

@article{paper29,
  title={Region generation and assessment network for occluded person re-identification},
  author={He, Shuting and Chen, Weihua and Wang, Kai and Luo, Hao and Wang, Fan and Jiang, Wei and Ding, Henghui},
  journal={IEEE Transactions on Information Forensics and Security},
  year={2023},
  publisher={IEEE},
  keywords={45},
  note      = {Browsed for 1 min 30 sec. Decision: Trash. Paper presents a method designed to improve occluded person re-identification by generating and assessing regions of interest to enhance recognition accuracy.}
}

@article{paper30,
  title={MCRe: A Unified Framework for Handling Malicious Traffic With Noise Labels Based on Multidimensional Constraint Representation},
  author={Yuan, Qingjun and Gou, Gaopeng and Zhu, Yanbei and Zhu, Yuefei and Xiong, Gang and Wang, Yongjuan},
  journal={IEEE Transactions on Information Forensics and Security},
  year={2023},
  publisher={IEEE},
  keywords={45},
  note      = {Browsed for 1 min 40 sec. Decision: Trash. Paper  propose "MCRe," a unified framework for managing malicious traffic that uses multidimensional constraint representation to effectively handle noise labels}
}

@article{paper31,
  title={Robust Camera Model Identification over Online Social Network Shared Images via Multi-Scenario Learning},
  author={Wu, Haiwei and Zhou, Jiantao and Zhang, Xinyu and Tian, Jinyu and Sun, Weiwei},
  journal={IEEE Transactions on Information Forensics and Security},
  year={2023},
  publisher={IEEE},
  keywords={45},
  note      = {Browsed for 2 min. Decision: Trash. Paper introduced a multi-scenario learning approach for robustly identifying camera models in images shared on online social networks, enhancing accuracy despite varying conditions.}
}
@article{paper32,
  title={To Act or Not To Act: An Adversarial Game for Securing Vehicle Platoons},
  author={Sun, Guoxin and Alpcan, Tansu and Rubinstein, Benjamin IP and Camtepe, Seyit},
  journal={IEEE Transactions on Information Forensics and Security},
  year={2023},
  publisher={IEEE},
  keywords={45},
  note      = {Browsed for 2 min. Decision: Scan. Paper present an adversarial game-based approach to enhance the security of vehicle platoons by addr potential threats and vulnerabilities within coordinated vehicle systems.}
}
@article{paper33,
  title={Dr. Defender: Proactive Detection of Autopilot Drones based on CSI},
  author={Deng, Jiangyi and Ji, Xiaoyu and Wang, Beibei and Wang, Bin and Xu, Wenyuan},
  journal={IEEE Transactions on Information Forensics and Security},
  year={2023},
  publisher={IEEE},
  keywords={45},
  note      = {Browsed for 1 min 30 sec. Decision: Trash. Paper introduce "Dr. Defender," a proactive detection method for autopilot drones using Channel State Information (CSI) to enhance security measures.}
}

@article{paper34,
  title={An Efficient and Dynamic Privacy-Preserving Federated Learning System for Edge Computing},
  author={Tang, Xinyu and Guo, Cheng and Choo, Kim-Kwang Raymond and Liu, Yining},
  journal={IEEE Transactions on Information Forensics and Security},
  year={2023},
  publisher={IEEE},
  keywords={45},
  note      = {Browsed for 1 min 30 sec. Decision: Trash. Paper propose an efficient and dynamic privacy-preserving federated learning system tailored for edge computing environments, aiming to balance security and computational efficiency.}
}
@article{paper35,
  title={Encrypted and compressed key-value store with pattern-analysis security in cloud systems},
  author={Zhang, Chen and Ming, Yulong and Wang, Mingyue and Guo, Yu and Jia, Xiaohua},
  journal={IEEE Transactions on Information Forensics and Security},
  year={2023},
  publisher={IEEE},
  keywords={45},
  note      = {Browsed for 1 min 40 sec. Decision: Scan. Paper  introduce an encrypted and compressed key-value store for cloud systems, which incorporates pattern-analysis security to enhance data protection and efficiency.}
}
@article{paper36,
  title={CGFormer: ViT-Based Network for Identifying Computer-Generated Images with Token Labeling},
  author={Quan, Weize and Deng, Pengfei and Wang, Kai and Yan, Dong-Ming},
  journal={IEEE Transactions on Information Forensics and Security},
  year={2023},
  publisher={IEEE},
  keywords={45},
  note      = {Browsed for 1 min 50 sec. Decision: Trash. Paper  propose "CGFormer," a Vision Transformer-based network designed for identifying computer-generated images through token labeling, improving detection accuracy.}
}
@article{paper37,
  title={A lightweight certificateless multi-user matchmaking encryption for mobile devices: Enhancing security and performance},
  author={Yang, Ningbin and Tang, Chunming and He, Debiao},
  journal={IEEE Transactions on Information Forensics and Security},
  year={2023},
  publisher={IEEE},
  keywords={45},
  note      = {Browsed for 1 min 45 sec. Decision: Trash. Paper  present a lightweight certificateless multi-user matchmaking encryption scheme for mobile devices, aiming to enhance both security and performance.}
}
@article{paper38,
  title={Backdoor Attack on Deep Learning-Based Medical Image Encryption and Decryption Network},
  author={Ding, Yi and Wang, Zi and Qin, Zhen and Zhou, Erqiang and Zhu, Guobin and Qin, Zhiguang and Choo, Kim-Kwang Raymond},
  journal={IEEE Transactions on Information Forensics and Security},
  year={2023},
  publisher={IEEE},
  keywords={45},
  note      = {Browsed for 1 min 45 sec. Decision: Trash. Paper  investigate a backdoor attack targeting deep learning-based medical image encryption and decryption networks, highlighting vulnerabilities and potential security threats.}
}
@article{paper39,
  title={Autopwn: Artifact-assisted heap exploit generation for ctf pwn competitions},
  author={Xu, Dandan and Chen, Kai and Lin, Miaoqian and Lin, Chaoyang and Wang, Xiaofeng},
  journal={IEEE Transactions on Information Forensics and Security},
  year={2023},
  publisher={IEEE},
  keywords={45},
  note      = {Browsed for 1 min 40 sec. Decision: Trash. Paper   introduce "Autopwn," a method for artifact-assisted heap exploit generation tailored for Capture The Flag (CTF) pwn competitions, aiming to streamline and enhance exploit development.}
}
@article{paper40,
  title={Invisible backdoor attack with dynamic triggers against person re-identification},
  author={Sun, Wenli and Jiang, Xinyang and Dou, Shuguang and Li, Dongsheng and Miao, Duoqian and Deng, Cheng and Zhao, Cairong},
  journal={IEEE Transactions on Information Forensics and Security},
  year={2023},
  publisher={IEEE},
  keywords={45},
  note      = {Browsed for 1 min 40 sec. Decision: Trash. Paper   explore an "invisible backdoor attack" with dynamic triggers aimed at person re-identification systems, revealing vulnerabilities in detecting and defending against such attacks.}
}
@article{paper41,
  title={A perspective of using frequency-mixing as entropy in random number generation for portable hardware cybersecurity ip},
  author={Wei, Xiangye and Xiu, Liming and Cai, Yimao},
  journal={IEEE Transactions on Information Forensics and Security},
  year={2023},
  publisher={IEEE},
  keywords={45},
  note      = {Browsed for 1 min 30 sec. Decision: Scan. Paper   propose utilizing frequency-mixing as a source of entropy for random number generation in portable hardware cybersecurity IP, aiming to improve the security and robustness of hardware systems.}
}
@article{paper42,
  title={Fuzzy linguistic knowledge reasoning-based secure control for connected nonlinear servosystem},
  author={Li, Meng and Pei, Zheng and Chen, Yong and Miao, Zhenhai},
  journal={IEEE Transactions on Information Forensics and Security},
  year={2023},
  publisher={IEEE},
  keywords={45},
  note      = {Browsed for 1 min 40 sec. Decision: Trash. Paper   propose propose a secure control method for connected nonlinear servosystems based on fuzzy linguistic knowledge reasoning, enhancing system security and robustness.}
}
@article{paper43,
  title={Domain generalization via aggregation and separation for audio deepfake detection},
  author={Xie, Yuankun and Cheng, Haonan and Wang, Yutian and Ye, Long},
  journal={IEEE Transactions on Information Forensics and Security},
  year={2023},
  publisher={IEEE},
  keywords={45},
  note      = {Browsed for 1 min 45 sec. Decision: Trash. Paper   present a domain generalization approach for detecting audio deepfakes using aggregation and separation techniques to improve detection accuracy across diverse scenarios.}
}
@article{paper44,
  title={Output Positioning to Derive Maximum Entropy From Physical Unclonable Functions},
  author={Abdolinezhad, Saeed and Zimmermann, Lukas and Sikora, Axel},
  journal={IEEE Transactions on Information Forensics and Security},
  year={2023},
  publisher={IEEE},
  keywords={45},
  note      = {Browsed for 1 min 45 sec. Decision: Trash. Paper   explore output positioning techniques to maximize entropy from Physical Unclonable Functions (PUFs), aiming to enhance the security and unpredictability of these hardware-based security mechanisms.}
}
@article{paper45,
  title={Confidence-Calibrated Face and Kinship Verification},
  author={Xu, Min and Zhang, Ximiao and Zhou, Xiuzhuang},
  journal={IEEE Transactions on Information Forensics and Security},
  year={2023},
  publisher={IEEE},
  keywords={45},
  note      = {Browsed for 1 min 45 sec. Decision: Scan. Paper   introduce a confidence-calibrated approach for face and kinship verification, aiming to improve the accuracy and reliability of matching and verification systems.}
}
@article{paper46,
  title={An adaptive method for camera attribution under complex radial distortion corrections},
  author={Montibeller, Andrea and P{\'e}rez-Gonz{\'a}lez, Fernando},
  journal={IEEE Transactions on Information Forensics and Security},
  year={2023},
  publisher={IEEE},
  keywords={45},
  note      = {Browsed for 1 min 45 sec. Decision: Trash. Paper    propose an adaptive method for camera attribution that addresses complex radial distortion corrections, enhancing the accuracy of camera identification in challenging conditions.}
}
@article{paper47,
  title={Constructing new backbone networks via space-frequency interactive convolution for deepfake detection},
  author={Guo, Zhiqing and Jia, Zhenhong and Wang, Liejun and Wang, Dewang and Yang, Gaobo and Kasabov, Nikola},
  journal={IEEE Transactions on Information Forensics and Security},
  year={2023},
  publisher={IEEE},
  keywords={45},
  note      = {Browsed for 1 min 40 sec. Decision: Trash. Paper    propose constructing new backbone networks through space-frequency interactive convolution to enhance deepfake detection capabilities.}
}
@article{paper48,
  title={Gradient-leaks: Enabling black-box membership inference attacks against machine learning models},
  author={Liu, Gaoyang and Xu, Tianlong and Zhang, Rui and Wang, Zixiong and Wang, Chen and Liu, Ling},
  journal={IEEE Transactions on Information Forensics and Security},
  year={2023},
  publisher={IEEE},
  keywords={45},
  note      = {Browsed for 1 min 30 sec. Decision: Trash. Paper    present "Gradient-leaks," a method that facilitates black-box membership inference attacks on machine learning models, exposing vulnerabilities in model privacy.}
}
@article{paper49,
  title={Finger-knuckle assisted slap fingerprint identification for higher security and convenience},
  author={Zhou, Zhenyu and Kumar, Ajay},
  journal={IEEE Transactions on Information Forensics and Security},
  year={2023},
  publisher={IEEE},
  keywords={45},
  note      = {Browsed for 1 min 50 sec. Decision: Trash. Paper    propose a "finger-knuckle assisted slap fingerprint identification" system to enhance security and convenience in biometric authentication.}
}
@article{paper50,
  title={Towards a critical evaluation of robustness for deep learning backdoor countermeasures},
  author={Qiu, Huming and Ma, Hua and Zhang, Zhi and Abuadbba, Alsharif and Kang, Wei and Fu, Anmin and Gao, Yansong},
  journal={IEEE Transactions on Information Forensics and Security},
  year={2023},
  publisher={IEEE},
  keywords={45},
  note      = {Browsed for 1 min 50 sec. Decision: Trash. Paper    offer a critical evaluation of the robustness of various deep learning backdoor countermeasures, assessing their effectiveness in mitigating security threats.}
}
@article{paper51,
  title={Hardening password-based credential databases},
  author={Song, Yaqing and Xu, Chunxiang and Zhang, Yuan and Li, Shiyu},
  journal={IEEE Transactions on Information Forensics and Security},
  year={2023},
  publisher={IEEE},
  keywords={45},
  note      = {Browsed for 1 min 45 sec. Decision: Trash. Paper    propose methods for hardening password-based credential databases, aiming to improve their security against potential breaches and attacks.}
}
@article{paper52,
  title={BR-HIDF: An Anti-Sparsity and Effective Host Intrusion Detection Framework Based on Multi-Granularity Feature Extraction},
  author={He, Junjiang and Tang, Cong and Li, Wenshan and Li, Tao and Chen, Li and Lan, Xiaolong},
  journal={IEEE Transactions on Information Forensics and Security},
  year={2023},
  publisher={IEEE},
  keywords={45},
  note      = {Browsed for 1 min 40 sec. Decision: Trash. Paper     introduce "BR-HIDF," an anti-sparsity and effective host intrusion detection framework that leverages multi-granularity feature extraction to enhance detection performance.}
}
@article{paper53,
  title={Overcoming data limitations: a few-shot specific emitter identification method using self-supervised learning and adversarial augmentation},
  author={Liu, Chao and Fu, Xue and Wang, Yu and Guo, Lantu and Liu, Yuchao and Lin, Yun and Zhao, Haitao and Gui, Guan},
  journal={IEEE Transactions on Information Forensics and Security},
  year={2023},
  publisher={IEEE},
  keywords={45},
  note      = {Browsed for 1 min 44 sec. Decision: Scan. Paper     address data limitations with a few-shot specific emitter identification method that combines self-supervised learning and adversarial augmentation to improve performance in low-data scenarios.}
}
@article{paper54,
  title={On the Instability of Softmax Attention-Based Deep Learning Models in Side-Channel Analysis},
  author={Hajra, Suvadeep and Alam, Manaar and Saha, Sayandeep and Picek, Stjepan and Mukhopadhyay, Debdeep},
  journal={Ieee transactions on information forensics and security},
  year={2023},
  publisher={IEEE},
  keywords={45},
  note      = {Browsed for 1 min 54 sec. Decision: Trash. Paper      investigate the instability of softmax attention-based deep learning models in side-channel analysis, highlighting vulnerabilities that impact model reliability in security applications.}
}
@article{paper55,
  title={Reversible Contrast Enhancement by Histogram Specification and Very Low Distortion Data Hiding},
  author={Coltuc, Dinu and Coanda, Henri George},
  journal={IEEE Transactions on Information Forensics and Security},
  year={2023},
  publisher={IEEE},
  keywords={45},
  note      = {Browsed for 1 min 35 sec. Decision: Trash. Paper       present a method for reversible contrast enhancement using histogram specification combined with very low distortion data hiding to improve image quality while preserving original content.
}
}
@article{paper56,
  title={Gazeta: Game-theoretic zero-trust authentication for defense against lateral movement in 5g iot networks},
  author={Ge, Yunfei and Zhu, Quanyan},
  journal={IEEE Transactions on Information Forensics and Security},
  year={2023},
  publisher={IEEE},
  keywords={45},
  note      = {Browsed for 1 min 30 sec. Decision: Trash. Paper       propose "Gazeta," a game-theoretic zero-trust authentication approach aimed at protecting 5G IoT networks from lateral movement attacks.}
}
@article{paper57,
  title={Practical public template attacks on CRYSTALS-dilithium with randomness leakages},
  author={Qiao, Zehua and Liu, Yuejun and Zhou, Yongbin and Ming, Jingdian and Jin, Chengbin and Li, Huizhong},
  journal={IEEE Transactions on Information Forensics and Security},
  volume={18},
  pages={1--14},
  year={2022},
  publisher={IEEE},
  keywords={45},
  note      = {Browsed for 1 min 38 sec. Decision: Trash. Paper       examine practical public template attacks on CRYSTALS-DILITHIUM, focusing on vulnerabilities introduced by randomness leakages and their implications for cryptographic security.}
}
@article{paper58,
  title={Decouple and resolve: transformer-based models for online anomaly detection from weakly labeled videos},
  author={Liu, Tianshan and Zhang, Cong and Lam, Kin-Man and Kong, Jun},
  journal={IEEE Transactions on Information Forensics and Security},
  volume={18},
  pages={15--28},
  year={2022},
  publisher={IEEE},
  keywords={45},
  note      = {Browsed for 1 min 40 sec. Decision: Trash. Paper        introduce transformer-based models for online anomaly detection in weakly labeled videos, focusing on decoupling and resolving detection challenges to improve accuracy and performance.}
}
@article{paper59,
  title={Robust moving target defence against false data injection attacks in power grids},
  author={Xu, Wangkun and Jaimoukha, Imad M and Teng, Fei},
  journal={IEEE Transactions on Information Forensics and Security},
  volume={18},
  pages={29--40},
  year={2022},
  publisher={IEEE},
  keywords={45},
  note      = {Browsed for 1 min 40 sec. Decision: Trash. Paper        propose a robust moving target defense strategy to protect power grids against false data injection attacks, enhancing the resilience and security of grid operations.}
}
@article{paper60,
  title={EEFED: Personalized federated learning of execution\&evaluation dual network for CPS intrusion detection},
  author={Huang, Xianting and Liu, Jing and Lai, Yingxu and Mao, Beifeng and Lyu, Hongshuo},
  journal={IEEE Transactions on Information Forensics and Security},
  volume={18},
  pages={41--56},
  year={2022},
  publisher={IEEE},
  keywords={45},
  note      = {Browsed for 1 min 45 sec. Decision: Trash. Paper        present "EEFED," a personalized federated learning approach combining execution and evaluation dual networks for intrusion detection in Cyber-Physical Systems (CPS), aiming to enhance detection accuracy and adaptability.
}
}
@article{paper61,
  title={Efficient and provably secure data selective sharing and acquisition in cloud-based systems},
  author={Yang, Kan and Shu, Jiangang and Xie, Ruitao},
  journal={IEEE Transactions on Information Forensics and Security},
  volume={18},
  pages={71--84},
  year={2022},
  publisher={IEEE},
  keywords={45},
  note      = {Browsed for 1 min 40 sec. Decision: Trash. Paper        propose an efficient and provably secure method for data selective sharing and acquisition in cloud-based systems, focusing on enhancing both security and operational efficiency.}
}
@article{paper62,
  title={Secure Distributed Matrix Multiplication Under Arbitrary Collusion Pattern},
  author={Yao, Yucheng and Liu, Nan and Kang, Wei and Li, Chunguo},
  journal={IEEE Transactions on Information Forensics and Security},
  volume={18},
  pages={85--100},
  year={2022},
  publisher={IEEE},
  keywords={45},
  note      = {Browsed for 1 min 50 sec. Decision: Trash. Paper        develop a secure distributed matrix multiplication scheme that ensures protection against arbitrary collusion patterns, enhancing the security of distributed computation processes.}
}
@article{paper63,
  title={Accountable and fine-grained controllable rewriting in blockchains},
  author={Xu, Shengmin and Huang, Xinyi and Yuan, Jiaming and Li, Yingjiu and Deng, Robert H},
  journal={IEEE Transactions on Information Forensics and Security},
  volume={18},
  pages={101--116},
  year={2022},
  publisher={IEEE},
  keywords={45},
  note      = {Browsed for 1 min 40 sec. Decision: Scan. Paper         propose a method for accountable and fine-grained controllable rewriting in blockchains, aiming to enhance transparency and control over blockchain transactions and modifications.}
}
@article{paper64,
  title={Prepended domain transformer: Heterogeneous face recognition without bells and whistles},
  author={George, Anjith and Mohammadi, Amir and Marcel, Sebastien},
  journal={IEEE Transactions on Information Forensics and Security},
  volume={18},
  pages={133--146},
  year={2022},
  publisher={IEEE},
  keywords={45},
  note      = {Browsed for 1 min 40 sec. Decision: Trash. Paper         introduce the "Prepended Domain Transformer," a streamlined approach for heterogeneous face recognition that avoids complex modifications while achieving effective cross-domain performance.}
}
@article{paper65,
  title={Occluded person re-identification via defending against attacks from obstacles},
  author={Wang, Shujuan and Liu, Run and Li, Huafeng and Qi, Guanqiu and Yu, Zhengtao},
  journal={IEEE Transactions on Information Forensics and Security},
  volume={18},
  pages={147--161},
  year={2022},
  publisher={IEEE},
  keywords={45},
  note      = {Browsed for 1 min 50 sec. Decision: Trash. Paper         address occluded person re-identification by developing methods to defend against attacks caused by obstacles, improving the robustness and accuracy of identification systems.}
} 